@article{doedel1981auto,
  title={AUTO: A program for the automatic bifurcation analysis of autonomous systems},
  author={Doedel, Eusebius J},
  journal={Congr. Numer},
  volume={30},
  number={265-284},
  pages={25--93},
  year={1981}
}

@article{keller1977numerical,
  title={Numerical solution of bifurcation and nonlinear eigenvalue problem},
  author={Keller, Herbert B},
  journal={Application of bifurcation theory},
  year={1977},
  publisher={Academic Press}
}

@article{Uecker2017pde2path,
author = {Uecker, Hannes},
year = {2017},
month = {08},
pages = {},
title = {Hopf Bifurcation and Time Periodic Orbits with pde2path – Algorithms and Applications},
volume = {25},
journal = {Communications in Computational Physics},
doi = {10.4208/cicp.OA-2017-0181}
}

@article{doedel2007lecture,
  title={Lecture notes on numerical analysis of nonlinear equations},
  author={Doedel, Eusebius J},
  journal={Numerical Continuation Methods for Dynamical Systems: Path following and boundary value problems},
  pages={1--49},
  year={2007},
  publisher={Springer}
}

@book{keller1968numerical,
  title={Numerical Methods for Two-point Boundary-value Problems},
  author={Keller, H.B.},
  lccn={68010871},
  series={Blaisdell book in numerical analysis and computer science},
  url={https://books.google.fr/books?id=hPFQAAAAMAAJ},
  year={1968},
  publisher={Blaisdell}
}

@article{lugiatolefever1987,
  title={Spatial dissipative structures in passive optical systems},
  author={Lugiato, Luigi A and Lefever, Ren{\'e}},
  journal={Physical review letters},
  volume={58},
  number={21},
  pages={2209},
  year={1987},
  publisher={APS}
}

@article{burke2009swift,
  title={Swift-Hohenberg equation with broken reflection symmetry},
  author={Burke, John and Houghton, SM and Knobloch, Edgar},
  journal={Physical Review E},
  volume={80},
  number={3},
  pages={036202},
  year={2009},
  publisher={APS}
}

@article{parra2014third,
  title={Third-order chromatic dispersion stabilizes Kerr frequency combs},
  author={Parra-Rivas, Pedro and Gomila, Dami{\`a} and Leo, Fran{\c{c}}ois and Coen, St{\'e}phane and Gelens, Lendert},
  journal={Optics letters},
  volume={39},
  number={10},
  pages={2971--2974},
  year={2014},
  publisher={Optica Publishing Group}
}
@article{Jost2015clock,
author = {J. D. Jost and T. Herr and C. Lecaplain and V. Brasch and M. H. P. Pfeiffer and T. J. Kippenberg},
journal = {Optica},
keywords = {Lasers, distributed-feedback; Ultrafast lasers; Nonlinear optics, devices; Microcavities ; Femtosecond lasers; Fiber optic components; Frequency combs; Microwave photonics; Optical components; Ultrafast lasers},
number = {8},
pages = {706--711},
publisher = {Optica Publishing Group},
title = {Counting the cycles of light using a self-referenced optical microresonator},
volume = {2},
year = {2015},
url = {https://opg.optica.org/optica/abstract.cfm?URI=optica-2-8-706},
doi = {10.1364/OPTICA.2.000706}
}

@article{marin2017microresonator,
  title={Microresonator-based solitons for massively parallel coherent optical communications},
  author={Marin-Palomo, Pablo and Kemal, Juned N and Karpov, Maxim and Kordts, Arne and Pfeifle, Joerg and Pfeiffer, Martin HP and Trocha, Philipp and Wolf, Stefan and Brasch, Victor and Anderson, Miles H and others},
  journal={Nature},
  volume={546},
  number={7657},
  pages={274--279},
  year={2017},
  publisher={Nature Publishing Group UK London}
}

@misc{tlidi2014localized,
  title={Localized structures in dissipative media: from optics to plant ecology},
  author={Tlidi, Mustapha and Staliunas, Kȩstutis and Panajotov, Krassimir and Vladimirov, AG and Clerc, MG},
  journal={Philosophical Transactions of the Royal Society A: Mathematical, Physical and Engineering Sciences},
  volume={372},
  number={2027},
  pages={20140101},
  year={2014},
  publisher={The Royal Society Publishing}
}

@article{suh2019searching,
  title={Searching for exoplanets using a microresonator astrocomb},
  author={Suh, Myoung-Gyun and Yi, Xu and Lai, Yu-Hung and Leifer, S and Grudinin, Ivan S and Vasisht, G and Martin, Emily C and Fitzgerald, Michael P and Doppmann, G and Wang, J and others},
  journal={Nature photonics},
  volume={13},
  number={1},
  pages={25--30},
  year={2019},
  publisher={Nature Publishing Group UK London}
}

@article{heimburg2005soliton,
  title={On soliton propagation in biomembranes and nerves},
  author={Heimburg, Thomas and Jackson, Andrew D},
  journal={Proceedings of the National Academy of Sciences},
  volume={102},
  number={28},
  pages={9790--9795},
  year={2005},
  publisher={National Acad Sciences}
}

@ARTICLE{erra2017neuralsynchronization,
  
AUTHOR={Guevara Erra, Ramon and Perez Velazquez, Jose L. and Rosenblum, Michael},   
TITLE={Neural Synchronization from the Perspective of Non-linear Dynamics},      
JOURNAL={Frontiers in Computational Neuroscience},      
VOLUME={11},           
YEAR={2017},      
URL={https://www.frontiersin.org/articles/10.3389/fncom.2017.00098},       
DOI={10.3389/fncom.2017.00098},      
ISSN={1662-5188}   
}

@article{lefever1997origin,
  title={On the origin of tiger bush},
  author={Lefever, Ren{\'e} and Lejeune, Olivier},
  journal={Bulletin of Mathematical biology},
  volume={59},
  pages={263--294},
  year={1997},
  publisher={Springer}
}
